@misc{lisher},
   year = {2008},
   type = {Generic}
}

@inproceedings{RN25,
   author = {Bacchelli, Alberto and Bird, Christian},
   title = {Expectations, outcomes, and challenges of modern code review},
   booktitle = {Proceedings of the 2013 International Conference on Software Engineering},
   publisher = {IEEE Press},
   pages = {712-721},
   ISBN = {978-1-4673-3076-3},
   url = {http://dl.acm.org/citation.cfm?id=2486788.2486882},
   url = {http://dl.acm.org/ft_gateway.cfm?id=2486882&type=pdf},
   type = {Conference Proceedings}
}

@article{RN38,
   author = {Basili, Victor R. and Green, Scott and Laitenberger, Oliver and Lanubile, Filippo and Shull, Forrest and S¯rumgÂrd, Sivert and Zelkowitz, Marvin V.},
   title = {The Empirical Investigation of Perspective-Based Reading},
   url = {http://citeseerx.ist.psu.edu/viewdoc/summary?doi=10.1.1.54.5343},
   year = {1996},
   type = {Journal Article}
}

@book{RN11,
   author = {Beck, Kent},
   title = {Implementation Patterns},
   publisher = {Addison-Wesley Professional},
   ISBN = {0321413091},
   url = {http://dl.acm.org/citation.cfm?id=1215224},
   year = {2006},
   type = {Book}
}

@inproceedings{RN1,
   author = {Binkley, D. and Davis, M. and Lawrie, D. and Morrell, C.},
   title = {To camelcase or under_score},
   booktitle = {ICPC '09. IEEE 17th International Conference on†Program Comprehension},
   pages = {158-167},
   ISBN = {1092-8138},
   DOI = {10.1109/ICPC.2009.5090039},
   type = {Conference Proceedings}
}

@article{RN2,
   author = {Binkley, Dave and Lawrie, Dawn and Maex, Steve and Morrell, Christopher},
   title = {Identifier length and limited programmer memory},
   journal = {Science of Computer Programming},
   volume = {74},
   number = {7},
   pages = {430-445},
   ISSN = {0167-6423},
   DOI = {http://dx.doi.org/10.1016/j.scico.2009.02.006},
   url = {http://www.sciencedirect.com/science/article/pii/S0167642309000343},
   year = {2009},
   type = {Journal Article}
}

@misc{lisher},
   url = {http://www.computer.org/portal/web/swebok},
   year = {2004},
   type = {Generic}
}

@article{RN40,
   author = {Brooks Jr., Frederick P.},
   title = {The mythical man-month (anniversary ed.)},
   ISSN = {0-201-83595-9},
   url = {http://dl.acm.org/citation.cfm?id=207583},
   year = {1995},
   type = {Journal Article}
}

@article{RN20,
   author = {Buse, Raymond P.L. and Weimer, Westley R.},
   title = {Learning a Metric for Code Readability},
   DOI = {10.1109/TSE.2009.70},
   url = {http://www.computer.org/csdl/trans/ts/2010/04/tts2010040546-abs.html},
   year = {2010},
   type = {Journal Article}
}

@inproceedings{RN15,
   author = {Butler, Simon and Wermelinger, Michel and Yu, Yijun and Sharp, Helen},
   title = {Exploring the Influence of Identifier Names on Code Quality: An Empirical Study},
   booktitle = {Proceedings of the 2010 14th European Conference on Software Maintenance and Reengineering},
   publisher = {IEEE Computer Society},
   pages = {156-165},
   ISBN = {978-0-7695-4321-5},
   DOI = {10.1109/CSMR.2010.27},
   url = {http://dl.acm.org/citation.cfm?id=1955601.1955979},
   type = {Conference Proceedings}
}

@misc{lisher},
   url = {http://blog.smartbear.com/programming/does-pair-programming-obviate-the-need-for-code-review/},
   year = {2013},
   type = {Web Page}
}

@book{RN28,
   author = {Cohen, Jason and Teleki, Steven and Brown, Eric},
   title = {Best Kept Secrets of Peer Code Review},
   publisher = {Smart Bear},
   series = {(2006)},
   url = {http://www.citeulike.org/user/egonw/article/1613935},
   year = {2006},
   type = {Book}
}

@misc{lisher},
   volume = {2},
   number = {3},
   pages = {64,70},
   url = {http://dx.doi.org/10.1049/sej:19870009},
   year = {1987},
   type = {Generic}
}

@misc{lisher},
   year = {2012},
   type = {Generic}
}

@article{RN29,
   author = {Fagan, Michael E. and Center, IBM Thomas J. Watson Research},
   title = {Advances in Software Inspections},
   pages = {335-360},
   ISSN = {978-3-642-48354-7},
   DOI = {10.1007/978-3-642-48354-7_14},
   url = {http://link.springer.com/chapter/10.1007/978-3-642-48354-7_14},
   url = {http://link.springer.com/content/pdf/10.1007/978-3-642-48354-7_14.pdf},
   year = {2013},
   type = {Journal Article}
}

@misc{lisher},
   url = {http://arxiv.org/abs/1304.5257},
   year = {2013},
   type = {Generic}
}

@book{RN9,
   author = {Hunt, Andrew and Thomas, David},
   title = {The pragmatic programmer: from journeyman to master},
   publisher = {Addison-Wesley Longman Publishing Co., Inc.},
   ISBN = {0-201-61622-X},
   url = {http://dl.acm.org/citation.cfm?id=320326},
   year = {2000},
   type = {Book}
}

@article{RN19,
   author = {Jones, Derek M.},
   title = {Operand names influence operator precedence decisions†},
   journal = {CVu},
   volume = {2008},
   number = {1},
   year = {2008},
   type = {Journal Article}
}

@article{RN6,
   author = {Kernighan, Brian W. and Plauger, P. J.},
   title = {The Elements of Programming Style},
   ISSN = {0070342075},
   url = {http://dl.acm.org/citation.cfm?id=578130},
   year = {1982},
   type = {Journal Article}
}

@article{RN26,
   author = {Knuth, Donald E.},
   title = {Computer programming as an art},
   journal = {Communications of the ACM},
   volume = {17},
   number = {12},
   pages = {667-673},
   ISSN = {0001-0782},
   DOI = {10.1145/361604.361612},
   url = {http://dl.acm.org/citation.cfm?id=361604.361612},
   url = {http://dl.acm.org/ft_gateway.cfm?id=361612&type=pdf},
   year = {1974},
   type = {Journal Article}
}

@inproceedings{RN16,
   author = {Liblit, Ben and Begel, Andrew and Sweeser, Eve},
   title = {Cognitive Perspectives on the Role of Naming in Computer Programs},
   booktitle = {Proceedings of the 18th Annual Psychology of†Programming Workshop},
   type = {Conference Proceedings}
}

@book{RN10,
   author = {Martin, Robert C.},
   title = {Clean Code: A Handbook of Agile Software Craftsmanship},
   publisher = {Prentice Hall PTR},
   ISBN = {0132350882, 9780132350884},
   url = {http://dl.acm.org/citation.cfm?id=1388398},
   year = {2008},
   type = {Book}
}

@book{RN24,
   author = {Nielsen, Jakob},
   title = {Usability Engineering},
   publisher = {Morgan Kaufmann Publishers Inc.},
   ISBN = {0125184050},
   url = {http://dl.acm.org/citation.cfm?id=529793},
   year = {1993},
   type = {Book}
}

@inproceedings{RN21,
   author = {Posnett, Daryl and Hindle, Abram and Devanbu, Premkumar},
   title = {A simpler model of software readability},
   booktitle = {Proceedings of the 8th Working Conference on Mining Software Repositories},
   publisher = {ACM},
   pages = {73-82},
   ISBN = {978-1-4503-0574-7},
   DOI = {10.1145/1985441.1985454},
   url = {http://dl.acm.org/citation.cfm?id=1985441.1985454},
   url = {http://dl.acm.org/ft_gateway.cfm?id=1985454&type=pdf},
   type = {Conference Proceedings}
}

@misc{lisher},
   year = {2009},
   type = {Generic}
}

@inproceedings{RN17,
   author = {Relf, Phillip A.},
   title = {Tool assisted identifier naming for improved software readability: an empirical study},
   booktitle = {†2005 International Symposium on†Empirical Software Engineering},
   type = {Conference Proceedings}
}

@misc{lisher},
   pages = {361 - 364†},
   year = {2013},
   type = {Conference Paper}
}

@misc{lisher},
   url = {http://sedano.org/journal/2011/3/30/code-readability-process.html},
   year = {2011},
   type = {Blog}
}

@inproceedings{RN12,
   author = {Wang, Xiaoran and Pollock, Lori and Vijay-Shanker, K.},
   title = {Automatic Segmentation of Method Code into Meaningful Blocks to Improve Readability},
   booktitle = {Proceedings of the 2011 18th Working Conference on Reverse Engineering},
   publisher = {IEEE Computer Society},
   pages = {35-44},
   ISBN = {978-0-7695-4582-0},
   DOI = {10.1109/WCRE.2011.15},
   url = {http://dl.acm.org/citation.cfm?id=2086197.2086303},
   type = {Conference Proceedings}
}

@article{RN8,
   author = {Weinberg, Gerald M.},
   title = {Understanding the Professional Programmer},
   ISSN = {0932633099},
   url = {http://dl.acm.org/citation.cfm?id=518764},
   year = {1982},
   type = {Journal Article}
}

